<record><leader>00000cas a22000007a 4500</leader><controlfield tag="001">11101787</controlfield><controlfield tag="008">840829d18701894iauwr ne      0    0eng d</controlfield><datafield ind1=" " ind2=" " tag="010"><subfield code="a">sn 84027402 </subfield></datafield><datafield ind1=" " ind2=" " tag="040"><subfield code="a">NPU</subfield><subfield code="b">eng</subfield><subfield code="c">NPU</subfield><subfield code="d">NPX</subfield><subfield code="d">INP</subfield><subfield code="d">MGN</subfield><subfield code="d">OCLCQ</subfield></datafield><datafield ind1=" " ind2=" " tag="042"><subfield code="a">msc</subfield></datafield><datafield ind1="0" ind2="0" tag="245"><subfield code="a">Louisa County record.</subfield></datafield><datafield ind1=" " ind2=" " tag="260"><subfield code="a">Wapello, Iowa :</subfield><subfield code="b">Barr &amp; Ives</subfield></datafield><datafield ind1=" " ind2=" " tag="300"><subfield code="a">v. :</subfield><subfield code="b">ill. ;</subfield><subfield code="c">66 cm.</subfield></datafield><datafield ind1=" " ind2=" " tag="310"><subfield code="a">Weekly</subfield></datafield><datafield ind1="1" ind2=" " tag="362"><subfield code="a">Began in 1870; ceased in Nov. 1894? Cf. Bibl. of Iowa newspapers.</subfield></datafield><datafield ind1=" " ind2=" " tag="500"><subfield code="a">Publishers: J.D. Barr &amp; Co., &lt;1876&gt;.</subfield></datafield><datafield ind1=" " ind2=" " tag="500"><subfield code="a">Republican, &lt;1876&gt;.</subfield></datafield><datafield ind1=" " ind2=" " tag="588"><subfield code="a">Description based on: Vol. 3, no. 12 (Jan. 30, 1873).</subfield></datafield><datafield ind1=" " ind2=" " tag="752"><subfield code="a">United States</subfield><subfield code="b">Iowa</subfield><subfield code="c">Louisa</subfield><subfield code="d">Wapello.</subfield></datafield><datafield ind1="0" ind2="7" tag="785"><subfield code="t">Wapello Republican (Wapello, Iowa : 1860)</subfield><subfield code="w">(DLC)sn 84038491</subfield></datafield><datafield ind1="0" ind2="7" tag="785"><subfield code="t">Record-Republican (Wapello, Iowa)</subfield><subfield code="w">(DLC)sn 88059562</subfield></datafield><datafield ind1="1" ind2=" " tag="029"><subfield code="a">AU@</subfield><subfield code="b">000040998002</subfield></datafield></record>